<record><leader>00000cas a22000007a 4500</leader><controlfield tag="001">19284559</controlfield><controlfield tag="008">890301d18691870mouwr ne      0    0eng d</controlfield><datafield ind1=" " ind2=" " tag="010"><subfield code="a">sn 89066042 </subfield></datafield><datafield ind1=" " ind2=" " tag="040"><subfield code="a">MQN</subfield><subfield code="b">eng</subfield><subfield code="c">MQN</subfield><subfield code="d">OCLCQ</subfield></datafield><datafield ind1=" " ind2=" " tag="042"><subfield code="a">msc</subfield></datafield><datafield ind1="0" ind2="0" tag="245"><subfield code="a">Nodaway County democrat.</subfield></datafield><datafield ind1=" " ind2=" " tag="260"><subfield code="a">Maryville, Nodaway County, Mo. :</subfield><subfield code="b">Morehouse &amp; Buell,</subfield><subfield code="c">1869-1870.</subfield></datafield><datafield ind1=" " ind2=" " tag="300"><subfield code="a">v.</subfield></datafield><datafield ind1=" " ind2=" " tag="310"><subfield code="a">Weekly</subfield></datafield><datafield ind1="0" ind2=" " tag="362"><subfield code="a">Vol. 1, no. 1 (Nov. 13, 1869)-v. 1, no. 21 (Apr. 6, 1870).</subfield></datafield><datafield ind1=" " ind2="4" tag="651"><subfield code="a">Nodaway County (Mo.)</subfield><subfield code="v">Newspapers.</subfield></datafield><datafield ind1=" " ind2=" " tag="752"><subfield code="a">United States</subfield><subfield code="b">Missouri</subfield><subfield code="c">Nodaway</subfield><subfield code="d">Maryville.</subfield></datafield><datafield ind1="0" ind2="0" tag="785"><subfield code="t">Nodaway democrat (Maryville, Mo. : 1870)</subfield><subfield code="w">(DLC)sn 85034020</subfield></datafield></record>